% Bibliography for Non-Hopf RTP Paper
% Add references as needed

@book{strogatz1994,
  title={Nonlinear Dynamics and Chaos},
  author={Strogatz, Steven H},
  year={1994},
  publisher={Westview Press}
}

@book{kuznetsov1998,
  title={Elements of Applied Bifurcation Theory},
  author={Kuznetsov, Yuri A},
  year={1998},
  publisher={Springer}
}

@book{strogatz2018,
  title={Nonlinear Dynamics and Chaos},
  author={Strogatz, Steven H.},
  year={2018},
  publisher={CRC Press}
}

@article{kraskov2004,
  title={Estimating mutual information},
  author={Kraskov, A. and St{\"o}gbauer, H. and Grassberger, P.},
  journal={Physical Review E},
  volume={69},
  number={6},
  pages={066138},
  year={2004}
}

@article{amari2016,
  title={Information geometry and its applications},
  author={Amari, Shun-ichi},
  journal={Applied Mathematical Sciences},
  year={2016}
}

% Add more references as needed
