@article{willett2023speechBCI,
  author  = {Willett, Francis R. and others},
  title   = {High-performance brain-to-text communication},
  journal = {Nature},
  year    = {2023}
}

@misc{bilyeu2025resonance,
  author = {Bilyeu, Justin and Sage},
  title  = {Resonance Geometry: A Framework for Geometric Plasticity and Information Dynamics},
  year   = {2025},
  howpublished = {\url{https://github.com/justindbilyeu/Resonance_Geometry}}
}
